%Long version
@string{ LNAI = {Lecture Notes in Artificial Intelligence} }
@string{ LNCS = {Lecture Notes in Computer Science} }
@string{ CL = {Computational Linguistics} }
@string{ TCS = {Theoretical Computer Science} }
@string{ SV = {Springer-Verlag} }
@string{ MLJ = {Machine Learning Journal} }
@string{ IPL = {Information Processing Letters} }
@string{ JACM = {Journal of the ACM} }
@article{rouillier00,
  author    = {Fabrice Rouillier and
               Marie-Fran\c{c}oise Roy and
               Mohab Safey El Din},
  title     = {Finding at Least One Point in Each Connected Component of
               a Real Algebraic Set Defined by a Single Equation},
  journal   = {J. Complexity},
  volume    = {16},
  number    = {4},
  year      = {2000},
  pages     = {716-750},
  ee        = {http://dx.doi.org/10.1006/jcom.2000.0563},
  bibsource = {DBLP, http://dblp.uni-trier.de}
}
@inproceedings{ORSS06,
  author    = {Rafail Ostrovsky and Yuval Rabani and Leonard J. Schulman and Chaitanya Swamy},
  title     = {The Effectiveness of Lloyd-Type Methods for the k-Means
               Problem},
  booktitle = {FOCS},
  year      = {2006},
  pages     = {165-176},
  ee        = {http://doi.ieeecomputersociety.org/10.1109/FOCS.2006.75},
  crossref  = {DBLP:conf/focs/2006},
  bibsource = {DBLP, http://dblp.uni-trier.de}
}
@book{Edelsbrunner87,
 author = {Edelsbrunner, Herbert},
 title = {Algorithms in combinatorial geometry},
 year = {1987},
 isbn = {0-387-13722-X},
 publisher = {Springer-Verlag New York, Inc.},
 address = {New York, NY, USA},
} 

@proceedings{DBLP:conf/focs/2006,
  title     = {47th Annual IEEE Symposium on Foundations of Computer Science
               (FOCS 2006), 21-24 October 2006, Berkeley, California, USA,
               Proceedings},
  booktitle = {FOCS},
  publisher = {IEEE Computer Society},
  year      = {2006},
  isbn      = {0-7695-2720-5},
  bibsource = {DBLP, http://dblp.uni-trier.de}
}

@inproceedings{YanWeb01,
  author    = {Ying Yang and
               Geoffrey I. Webb},
  title     = {Proportional k-Interval Discretization for Naive-Bayes Classifiers},
  booktitle = {ECML},
  year      = {2001},
  pages     = {564-575},
  ee        = {http://dx.doi.org/10.1007/3-540-44795-4_48},
  crossref  = {DBLP:conf/ecml/2001},
  bibsource = {DBLP, http://dblp.uni-trier.de}
}

@proceedings{DBLP:conf/ecml/2001,
  editor    = {Luc De Raedt and
               Peter A. Flach},
  title     = {Machine Learning: EMCL 2001, 12th European Conference on
               Machine Learning, Freiburg, Germany, September 5-7, 2001,
               Proceedings},
  booktitle = {ECML},
  publisher = {Springer},
  series    = {Lecture Notes in Computer Science},
  volume    = {2167},
  year      = {2001},
  isbn      = {3-540-42536-5},
  bibsource = {DBLP, http://dblp.uni-trier.de}
}




@inproceedings{PBTL98,
  author    = {Nicolas Pasquier and
               Yves Bastide and
               Rafik Taouil and
               Lotfi Lakhal},
  title     = {Pruning closed itemset lattices for associations rules},
  booktitle = {BDA},
  year      = {1998},
  crossref  = {DBLP:conf/bda/1998},
  bibsource = {DBLP, http://dblp.uni-trier.de}
}
@inproceedings{PelegXmeans,
 author = {Pelleg, Dan and Moore, Andrew W.},
 title = {X-means: Extending K-means with Efficient Estimation of the Number of Clusters},
 booktitle = {Proceedings of the Seventeenth International Conference on Machine Learning},
 series = {ICML '00},
 year = {2000},
 isbn = {1-55860-707-2},
 pages = {727--734},
 numpages = {8},
 url = {http://dl.acm.org/citation.cfm?id=645529.657808},
 acmid = {657808},
 publisher = {Morgan Kaufmann Publishers Inc.},
 address = {San Francisco, CA, USA},
} 

@article {aloise09,
   author = {Aloise, Daniel and Deshpande, Amit and Hansen, Pierre and Popat, Preyas},
   affiliation = {École Polytechnique de Montréal Montreal H3C 3A7 Canada},
   title = {NP-hardness of Euclidean sum-of-squares clustering},
   journal = {Machine Learning},
   publisher = {Springer Netherlands},
   issn = {0885-6125},
   keyword = {Computer Science},
   pages = {245-248},
   volume = {75},
   issue = {2},
   url = {http://dx.doi.org/10.1007/s10994-009-5103-0},
   note = {10.1007/s10994-009-5103-0},
   year = {2009}
}
@article {drineas04,
   author = {Drineas, P. and Frieze, A. and Kannan, R. and Vempala, S. and Vinay, V.},
   affiliation = {Computer Science Department Rensselaer Polytechnic Institute Troy NY 12180},
   title = {Clustering Large Graphs via the Singular Value Decomposition},
   journal = {Machine Learning},
   publisher = {Springer Netherlands},
   issn = {0885-6125},
   keyword = {Computer Science},
   pages = {9-33},
   volume = {56},
   issue = {1},
   url = {http://dx.doi.org/10.1023/B:MACH.0000033113.59016.96},
   note = {10.1023/B:MACH.0000033113.59016.96},
   year = {2004}
}

@inproceedings{Mahajan,
 author = {Mahajan, Meena and Nimbhorkar, Prajakta and Varadarajan, Kasturi},
 title = {The Planar k-Means Problem is NP-Hard},
 booktitle = {Proceedings of the 3rd International Workshop on Algorithms and Computation},
 series = {WALCOM '09},
 year = {2009},
 isbn = {978-3-642-00201-4},
 location = {Kolkata, India},
 pages = {274--285},
 numpages = {12},
 url = {http://dx.doi.org/10.1007/978-3-642-00202-1_24},
 doi = {10.1007/978-3-642-00202-1_24},
 acmid = {1507122},
 publisher = {Springer-Verlag},
 address = {Berlin, Heidelberg},
} 

@inproceedings{arthurVas07,
 author = {Arthur, David and Vassilvitskii, Sergei},
 title = {k-means++: the advantages of careful seeding},
 booktitle = {Proceedings of the eighteenth annual ACM-SIAM symposium on Discrete algorithms},
 series = {SODA '07},
 year = {2007},
 isbn = {978-0-898716-24-5},
 location = {New Orleans, Louisiana},
 pages = {1027--1035},
 numpages = {9},
 url = {http://dl.acm.org/citation.cfm?id=1283383.1283494},
 acmid = {1283494},
 publisher = {Society for Industrial and Applied Mathematics},
 address = {Philadelphia, PA, USA},
} 



@INPROCEEDINGS{ZhangXia09, 
author={Chen Zhang and Shixiong Xia}, 
booktitle={Knowledge Discovery and Data Mining, 2009. WKDD 2009. Second International Workshop on}, title={K-means Clustering Algorithm with Improved Initial Center}, 
year={2009}, 
month={jan.}, 
volume={}, 
number={}, 
pages={790 -792}, 
keywords={clustering accuracy;initial clustering number;random K-means clustering algorithm;submerger strategy;pattern clustering;random processes;}, 
doi={10.1109/WKDD.2009.210}, 
ISSN={},}
@unpublished{BaGaDe12,
	author = {Jos\'e L. Balc\'azar and Diego Garc\'ia-Saiz and Javier {de la Dehesa}},
	title  = {Iterator-based Algorithms in Self-Tuning Discovery of Partial Implications},
	note = {Accepted for presentation at ICFCA},
	year = {2012},
}

@proceedings{DBLP:conf/bda/1998,
  editor    = {Mokrane Bouzeghoub},
  title     = {14{\`e}me Journ{\'e}es Bases de Donn{\'e}es Avanc{\'e}es,
               26-30 octobre 1998, Hammamet, Tunisie (Informal Proceedings)},
  booktitle = {BDA},
  year      = {1998},
  bibsource = {DBLP, http://dblp.uni-trier.de}
}

@article{PBTL99,
  author    = {Nicolas Pasquier and
               Yves Bastide and
               Rafik Taouil and
               Lotfi Lakhal},
  title     = {Efficient Mining of Association Rules Using Closed Itemset
               Lattices},
  journal   = {Inf. Syst.},
  volume    = {24},
  number    = {1},
  year      = {1999},
  pages     = {25-46},
  ee        = {http://dx.doi.org/10.1016/S0306-4379(99)00003-4},
  bibsource = {DBLP, http://dblp.uni-trier.de}
}

@INPROCEEDINGS{ZakOgi98,
    author = {Mohammed J. Zaki and Mitsunori Ogihara},
    title = {Theoretical foundations of association rules},
    booktitle = {In 3rd ACM SIGMOD Workshop on Research Issues in Data Mining and Knowledge Discovery},
    year = {1998}
}

@article{BoByRi03,
  author    = {Jean-Fran\c{c}ois Boulicaut and
               Artur Bykowski and
               Christophe Rigotti},
  title     = {Free-Sets: A Condensed Representation of Boolean Data for
               the Approximation of Frequency Queries},
  journal   = {Data Min. Knowl. Discov.},
  volume    = {7},
  number    = {1},
  year      = {2003},
  pages     = {5-22},
  ee        = {http://dx.doi.org/10.1023/A:1021571501451},
  bibsource = {DBLP, http://dblp.uni-trier.de}
}

@inproceedings{BoByRi00,
  author    = {Jean-Fran\c{c}ois Boulicaut and
               Artur Bykowski and
               Christophe Rigotti},
  title     = {Approximation of Frequency Queris by Means of Free-Sets},
  booktitle = {PKDD},
  year      = {2000},
  pages     = {75-85},
  ee        = {http://dx.doi.org/10.1007/3-540-45372-5_8},
  crossref  = {DBLP:conf/pkdd/2000},
  bibsource = {DBLP, http://dblp.uni-trier.de}
}

@proceedings{DBLP:conf/pkdd/2000,
  editor    = {Djamel A. Zighed and
               Henryk Jan Komorowski and
               Jan M. Zytkow},
  title     = {Principles of Data Mining and Knowledge Discovery, 4th European
               Conference, PKDD 2000, Lyon, France, September 13-16, 2000,
               Proceedings},
  booktitle = {PKDD},
  publisher = {Springer},
  series    = {Lecture Notes in Computer Science},
  volume    = {1910},
  year      = {2000},
  isbn      = {3-540-41066-X},
  bibsource = {DBLP, http://dblp.uni-trier.de}
}

@inproceedings{BykRig01,
  author    = {Artur Bykowski and
               Christophe Rigotti},
  title     = {A condensed representation to find frequent patterns},
  booktitle = {PODS},
  year      = {2001},
  ee        = {http://doi.acm.org/10.1145/375551.375604, http://www.acm.org/sigs/sigmod/pods/proc01/online/p130.pdf},
  crossref  = {DBLP:conf/pods/2001},
  bibsource = {DBLP, http://dblp.uni-trier.de}
}

@proceedings{DBLP:conf/pods/2001,
  title     = {Proceedings of the Twentieth ACM SIGACT-SIGMOD-SIGART Symposium
               on Principles of Database Systems, May 21-23, 2001, Santa
               Barbara, California, USA},
  publisher = {ACM},
  year      = {2001},
  isbn      = {1-58113-361-8},
  bibsource = {DBLP, http://dblp.uni-trier.de}
}

@article{BykRig03,
  author    = {Artur Bykowski and
               Christophe Rigotti},
  title     = {DBC: a condensed representation of frequent patterns for
               efficient mining},
  journal   = {Inf. Syst.},
  volume    = {28},
  number    = {8},
  year      = {2003},
  pages     = {949-977},
  ee        = {http://dx.doi.org/10.1016/S0306-4379(03)00002-4},
  bibsource = {DBLP, http://dblp.uni-trier.de}
}

@inproceedings{CalGoe02,
  author    = {Toon Calders and
               Bart Goethals},
  title     = {Mining All Non-derivable Frequent Itemsets},
  booktitle = {PKDD},
  year      = {2002},
  pages     = {74-85},
  ee        = {http://dx.doi.org/10.1007/3-540-45681-3_7},
  crossref  = {DBLP:conf/pkdd/2002},
  bibsource = {DBLP, http://dblp.uni-trier.de}
}

@proceedings{DBLP:conf/pkdd/2002,
  editor    = {Tapio Elomaa and
               Heikki Mannila and
               Hannu Toivonen},
  title     = {Principles of Data Mining and Knowledge Discovery, 6th European
               Conference, PKDD 2002, Helsinki, Finland, August 19-23,
               2002, Proceedings},
  booktitle = {PKDD},
  publisher = {Springer},
  series    = {Lecture Notes in Computer Science},
  volume    = {2431},
  year      = {2002},
  isbn      = {3-540-44037-2},
  bibsource = {DBLP, http://dblp.uni-trier.de},
}


@inproceedings{AgImSw93,
  author    = {Rakesh Agrawal and Tomasz Imielinski and Arun N. Swami},
  title     = {Mining Association Rules between Sets of Items in Large Databases},
  year      = {1993},
  pages     = {207-216},
  ee        = {http://doi.acm.org/10.1145/170035.170072, db/conf/sigmod/AgrawalIS93.html},
  crossref  = {sigmod:1993},
}

@inproceedings{AgrSri94,
  author    = {Rakesh Agrawal and Ramakrishnan Srikant},
  title     = {Fast Algorithms for Mining Association Rules in Large Databases},
  year      = {1994},
  pages     = {487-499},
  ee        = {db/conf/vldb/vldb94-487.html},
  crossref  = {vldb:1994},
}


@inproceedings{AggYu98,
  author    = {Charu C. Aggarwal and Philip S. Yu},
  title     = {A New Framework For Itemset Generation},
  booktitle = {PODS},
  year      = {1998},
  pages     = {18-24},
  ee        = {http://doi.acm.org/10.1145/275487.275490, db/conf/pods/AggarwalY98.html},
  crossref  = {PODS:1998},
}

@inproceedings{AggYu01a,
  author    = {Charu C. Aggarwal and Philip S. Yu},
  title     = {On Effective Conceptual Indexing and Similarity Search in Text Data},
  booktitle = {ICDM},
  year      = {2001},
  pages     = {3-10},
  ee        = {http://doi.ieeecomputersociety.org/10.1109/ICDM.2001.989494},
  crossref  = {ICDM:2001},
}

@article{AggYu01b,
  author    = {Charu C. Aggarwal and Philip S. Yu},
  title     = {A New Approach to Online Generation of Association Rules},
  journal   = {IEEE Transactions on Knowledge and Data Engineering},
  volume    = {13},
  number    = {4},
  year      = {2001},
  pages     = {527-540},
  ee        = {http://www.computer.org/tkde/tk2001/k0527abs.htm},
}

@incollection{AMSTV96,
  author    = {Rakesh Agrawal and Heikki Mannila and Ramakrishnan Srikant and Hannu Toivonen and A. Inkeri Verkamo},
  title     = {Fast Discovery of Association Rules},
  booktitle = {Advances in Knowledge Discovery and Data Mining},
  publisher = {AAAI/MIT Press},
  year      = {1996},
  isbn      = {0-262-56097-6},
  pages     = {307-328},
}

@inproceedings{AntZai04,
  author    = {Maria-Luiza Antonie and Osmar R. Za\"{\i}ane},
  title     = {Mining Positive and Negative Association Rules: An Approach for Confined Rules},
  booktitle = {PKDD},
  year      = {2004},
  pages     = {27-38},
  ee        = {http://dx.doi.org/10.1007/b100704},
  crossref  = {PKDD:2004},
}

@misc{AsuNew07,
	author = {A. Asuncion and D.J. Newman},
	year = {2007},
	title = {{UCI} Machine Learning Repository},
	url = {http://www.ics.uci.edu/$\sim$mlearn/{MLR}epository.html},
	institution = {University of California, Irvine, School of Information and Computer Sciences},
} 

@inproceedings{BSVG09,
  author    = {Jaume Baixeries and Laszlo Szathmary and Petko Valtchev and Robert Godin},
  title     = {Yet a Faster Algorithm for Building the {Hasse} Diagram of a Concept Lattice},
  pages     = {162-177},
  ee        = {http://dx.doi.org/10.1007/978-3-642-01815-2_13},
  crossref  = {ICFCA:2009},
}

@PhDThesis{Baix07,
	author = {Jaume Baixeries},
	title  ={Lattice Characterization of Armstrong and Symmetric Dependencies},
	year = {2007},
	school = {Universitat Polit{\`e}cnica de Catalunya},
}

@inproceedings{Baix08,
  author    = {Jaume Baixeries},
  title     = {A Formal Context for Symmetric Dependencies},
  year      = {2008},
  pages     = {90-105},
  ee        = {http://dx.doi.org/10.1007/978-3-540-78137-0_7},
  crossref  = {ICFCA:2008},
}

@inproceedings{BaiBal06,
  author    = {Jaume Baixeries and Jos{\'e} L. Balc{\'a}zar},
  title     = {Unified characterization of symmetric dependencies with lattices},
  editor    = {Bernhard Ganter and L\'{e}onard Kwuida},
  booktitle = {Contributions to the 4th International Conference on Formal Concept Analysis (ICFCA)},
  publisher = {Verlag Allgemeine Wissensch},
  isbn      = {3-935924-05-4},
  year      = {2006},
}


@inproceedings{Bal11yac,
  author    = {Jos{\'e} L. Balc{\'a}zar},
  title     = {Parameter-free Association Rule Mining with Yacaree},
  booktitle = {EGC},
  year      = {2011},
  pages     = {251-254},
  crossref  = {DBLP:conf/f-egc/2011},
  bibsource = {DBLP, http://dblp.uni-trier.de}
}

@proceedings{DBLP:conf/f-egc/2011,
  editor    = {Ali Khenchaf and
               Pascal Poncelet},
  title     = {Extraction et gestion des connaissances (EGC'2011), Actes,
               25 au 29 janvier 2011, Brest, France},
  booktitle = {EGC},
  publisher = {Hermann-{\'E}ditions},
  series    = {Revue des Nouvelles Technologies de l'Information},
  volume    = {RNTI-E-20},
  year      = {2011},
  isbn      = {978-2-70568-112-8},
  bibsource = {DBLP, http://dblp.uni-trier.de}
}

@inproceedings{Balc10a,
  author    = {Jos{\'e} L. Balc{\'a}zar},
  title     = {Objective Novelty of Association Rules: Measuring the Confidence Boost},
  booktitle = {EGC},
  year      = {2010},
  pages     = {297-302},
  crossref  = {EGC:2010},
}

@article{AvisFukuda,
    author = {David Avis and Komei Fukuda},
    title = {Reverse Search for Enumeration},
    journal = {Discrete Applied Mathematics},
    year = {1993},
    volume = {65},
    pages = {21--46}
}
@Misc{Balc10b,
	author = {Jos\'{e} L. Balc\'{a}zar},
	title  = {Formal and Computational Properties of the Confidence Boost in Association Rules},
	year = {2010},
	howpublished = {Available at: [http://personales.unican.es/balcazarjl]. Extended abstract appeared as \cite{Balc10a}}
}
@Misc{dasguta,
author={S. Dasgupta},
title={The hardness of k-means clustering},
year={2008}, 
howpublished={(Technical Report CS2008-0916). University of California.}
},

@article{Balc10c,
  author    = {Jos{\'e} L. Balc{\'a}zar},
  title     = {Redundancy, Deduction Schemes, and Minimum-Size Bases for Association Rules},
  journal   = {Logical Methods in Computer Science},
  volume    = {6},
  number    = {2:3},
  year      = {2010},
  pages     = {1-33},
}


@Misc{BaTiZo10a,
	author = {Jos\'{e} L. Balc\'{a}zar and Cristina T\^{i}rn\u{a}uc\u{a} and Marta Zorrilla},
	title  = {Mining Educational Data for Patterns with Negations and High Confidence Boost},
 	year = {2010},
	howpublished = {accepted for TAMIDA 2010; available at: [http://personales.unican.es/balcazarjl]}
}

@Misc{BaTiZo10b,
	author = {Jos\'{e} L. Balc\'{a}zar and Cristina T\^{i}rn\u{a}uc\u{a} and Marta E. Zorrilla},
	title  = {Formal and Computational Properties of the Confidence Boost in Association Rules},
	year = {2010},
	howpublished = {Available at: [http://personales.unican.es/balcazarjl]}
}

@inproceedings{Bayardo98,
  author    = {Roberto J. {Bayardo Jr.}},
  title     = {Efficiently Mining Long Patterns from Databases},
  booktitle = {SIGMOD Conference},
  year      = {1998},
  pages     = {85-93},
  ee        = {http://doi.acm.org/10.1145/276304.276313, db/conf/sigmod/Bayardo98.html},
  crossref  = {DBLP:conf/sigmod/98},
  bibsource = {DBLP, http://dblp.uni-trier.de}
}

@proceedings{DBLP:conf/sigmod/98,
  editor    = {Laura M. Haas and
               Ashutosh Tiwary},
  title     = {SIGMOD 1998, Proceedings ACM SIGMOD International Conference
               on Management of Data, June 2-4, 1998, Seattle, Washington,
               USA},
  publisher = {ACM Press},
  year      = {1998},
  isbn      = {0-89791-995-5},
  bibsource = {DBLP, http://dblp.uni-trier.de}
}


@inproceedings{Borg03,
  author    = {Christian Borgelt},
  title     = {Efficient Implementations of Apriori and Eclat},
  booktitle = {FIMI},
  year      = {2003},
  crossref  = {FIMI:2003}, 
}

@inproceedings{Borg04,
  author    = {Christian Borgelt},
  title     = {Recursion Pruning for the Apriori Algorithm},
  booktitle = {FIMI},
  year      = {2004},
  ee        = {http://sunsite.informatik.rwth-aachen.de/Publications/CEUR-WS/Vol-126/borgelt.pdf},
  crossref  = {FIMI:2004}, 
}

@inproceedings{brijs99using,
  author = {Tom Brijs and Gilbert Swinnen and Koen Vanhoof and Geert Wets},
  title = {Using Association Rules for Product Assortment Decisions: A Case Study},
  booktitle = {Knowledge Discovery and Data Mining},
  pages = {254-260},
  year = {1999},
}

@article{CegRod06,
  author    = {Aaron Ceglar and John F. Roddick},
  title     = {Association mining},
  journal   = {ACM Comput. Surv.},
  volume    = {38},
  number    = {2},
  year      = {2006},
  ee        = {http://doi.acm.org/10.1145/1132956.1132958},
  bibsource = {DBLP, http://dblp.uni-trier.de}
}


@inproceedings{BoByJe00,
  author    = {Jean-Fran\c{c}ois Boulicaut and Artur Bykowski and Baptiste Jeudy},
  title     = {Towards the Tractable Discovery of Association Rules with Negations},
  booktitle = {FQAS},
  year      = {2000},
  pages     = {425-434},
}

@article{CiWeLi97,
  author    = {K.J. Cios and D.K. Wedding and N. Liu},
  title     = {CLIP3: cover learning using integer programming},
  journal   = {Kybernetes},
  volume    = {26},
  number    = {4-5},
  year      = {1997},
  pages     = {513-536},
}

@inproceedings{CaRiBo05,
  author    = {Toon Calders and Christophe Rigotti and Jean-Fran\c{c}ois Boulicaut},
  title     = {A Survey on Condensed Representations for Frequent Sets},
  year      = {2004},
  pages     = {64-80},
  ee        = {http://dx.doi.org/10.1007/11615576_4},
  crossref  = {cinq:2004},
}




@inproceedings{CioKur01,
  author    = {K.J. Cios and L. Kurgan},
  title     = {Hybrid Inductive Machine Learning: An Overview of CLIP Algorithms},
  booktitle = {New Learning Paradigms in Soft Computing},
  editor    = {Jain L.C., and Kacprzyk J.},
  year      = {2001},
  publisher = {Physica-Verlag (Springer)},
}


@Misc{Clementine,
	author = {Clementine},
	title  ={Clementine 10.0 Desktop user Guide},
  year = {2005}
}

@Misc{ClementineNotAvailableAnymore,
	author = {Clementine},
	title  ={Market Basket Analysis $\&$ Customer Profiling Report},
	howpublished = {Available at: \url{http://www.sinter.com.tw/spss/documents/spss_clementine_inretail.htm}}
}

@inproceedings{CriSim02,
  author    = {Laurentiu Cristofor and Dan A. Simovici},
  title     = {Generating an informative cover for association rules},
  pages     = {597-600},
  ee        = {http://computer.org/proceedings/icdm/1754/17540597abs.htm},
  crossref  = {ICDM:2002},
}

@book{DavPri91,
  author    = {B.A. Davey and H.A. Priestley},
  title     = {Introduction to Lattices and Orders},
	publisher = {Cambridge University Press, Cambridge},
	year      = {1991},
	edition   = {2nd},
}

@book{DowFel99,
  title={Parameterized complexity},
  author={Rod G. Downey and Fellows, M.R.},
  isbn={9780387948836},
  lccn={97022882},
  series={Monographs in computer science},
  url={http://books.google.es/books?id=pt5QAAAAMAAJ},
  year={1999},
  publisher={Springer}
}

@inproceedings{FayIra93,
  author    = {Usama M. Fayyad and
               Keki B. Irani},
  title     = {Multi-Interval Discretization of Continuous-Valued Attributes
               for Classification Learning},
  booktitle = {IJCAI},
  year      = {1993},
  pages     = {1022-1029},
  bibsource = {DBLP, http://dblp.uni-trier.de}
}

@inproceedings{FoBaMo01,
  author    = {Inmaculada {Fortes Ruiz} and Jos{\'e} L. Balc{\'a}zar and Rafael {Morales Bueno}},
  title     = {Bounding Negative Information in Frequent Sets Algorithms},
  booktitle = {Discovery Science},
  year      = {2001},
  pages     = {50-58},
  ee        = {http://link.springer.de/link/service/series/0558/bibs/2226/22260050.htm},
  crossref  = {DS:2001}, 
}


@book{GanWil99,
  author    = {Bernhard Ganter and Rudolf Wille},
  title     = {Formal Concept Analysis: Mathematical Foundations},
	publisher = SV,
	location  = {Berlin},
	year      = {1999},
}

@inproceedings{Gant10,
  author    = {Bernhard Ganter},
  title     = {Two Basic Algorithms in Concept Analysis (preprint, 1984); 
reprinted as:},
  booktitle = {ICFCA},
  year      = {2010},
  pages     = {312-340},
  ee        = {http://dx.doi.org/10.1007/978-3-642-11928-6_22},
  crossref  = {ICFCA:2010},
}



@article{GaRoCa09,
  author    = {Enrique Garc\'{\i}a and Crist{\'o}bal Romero and Sebasti{\'a}n Ventura and Carlos de Castro},
  title     = {An architecture for making recommendations to courseware authors using association rule mining and collaborative filtering},
  journal   = {User Model. User-Adapt. Interact.},
  volume    = {19},
  number    = {1-2},
  year      = {2009},
  pages     = {99-132},
  ee        = {http://dx.doi.org/10.1007/s11257-008-9047-z},
}

@article{GoMiAl95,
  author    = {Robert Godin and Rokia Missaoui and Hassan Alaoui},
  title     = {Incremental Concept Formation Algorithms Based on {Galois} (Concept) Lattices},
  journal   = {Computational Intelligence},
  volume    = {11},
  year      = {1995},
  pages     = {246-267},
  ee        = {http://dx.doi.org/10.1111/j.1467-8640.1995.tb00031.x},
}


@article{GenHam06,
  author    = {Liqiang Geng and Howard J. Hamilton},
  title     = {Interestingness measures for data mining: A survey},
  journal   = {ACM Comput. Surv.},
  volume    = {38},
  number    = {3},
  year      = {2006},
  ee        = {http://doi.acm.org/10.1145/1132960.1132963},
}

@Article{GuiDuq86,
	author = {J.L. Guigues and Vincent Duquenne},
	title = {Familles minimales d'implications informatives r\'{e}sul\-tant d'un tableau de donn\'{e}es binaires},
	year  ={1986},
  journal   = {Math\'{e}matiques et Sciences Humaines},
	volume = {95},
	pages = {5-18},
}

%	journal = {Math\'{e}matiques et Sciences Humaines},

@article{HaBeMe08,
  author    = {Tarek Hamrouni and Sadok {Ben Yahia} and Engelbert {Mephu Nguifo}},
  title     = {Succinct Minimal Generators: Theoretical Foundations and Applications},
  journal   = {Int. J. Found. Comput. Sci.},
  volume    = {19},
  number    = {2},
  year      = {2008},
  pages     = {271-296},
  ee        = {http://dx.doi.org/10.1142/S0129054108005681},
}


@article{HPYM04,
  author    = {Jiawei Han and Jian Pei and Yiwen Yin and Runying Mao},
  title     = {Mining Frequent Patterns without Candidate Generation: A Frequent-Pattern Tree Approach},
  journal   = {Data Min. Knowl. Discov.},
  volume    = {8},
  number    = {1},
  year      = {2004},
  pages     = {53-87},
  ee        = {http://dx.doi.org/10.1023/B:DAMI.0000005258.31418.83},
}

@article{HunZha08,
 author = {Jui-Long Hung and Ke Zhang},
 title = {Revealing Online Learning Behaviors and Activity Patterns and Making Predictions with Data Mining Techniques in Online Teaching},
 journal = {Journal of Online Learning and Teaching},
 volume = {4},
 number = {4},
 year = {2008},
 issn = {1558-9528},
 pages = {426--436},
}

@inproceedings{InKaIm94,
  author    = {Mary Inaba and
               Naoki Katoh and
               Hiroshi Imai},
  title     = {Applications of Weighted Voronoi Diagrams and Randomization
               to Variance-Based {\it k}-Clustering (Extended Abstract)},
  booktitle = {Symposium on Computational Geometry},
  year      = {1994},
  pages     = {332-339},
  ee        = {http://doi.acm.org/10.1145/177424.178042},
  bibsource = {DBLP, http://dblp.uni-trier.de}
}

@article{steinhaus57,
author="Steinhaus, Hugo",
title="{Sur la division des corps mat\'eriels en parties.}",
language="French",
journal="Bull. Acad. Pol. Sci., Cl. III ",
volume="4",
pages="801-804",
year="1957",
reviewer="{L. A. Santal4}",
keywords="{General Metric Geometry; Convex Bodies; Integral Geometry}",
}

@inproceedings{KeoghLR,
  author    = {Eamonn J. Keogh and
               Stefano Lonardi and
               Chotirat (Ann) Ratanamahatana},
  title     = {Towards parameter-free data mining},
  booktitle = {KDD},
  year      = {2004},
  pages     = {206-215},
  ee        = {http://doi.acm.org/10.1145/1014052.1014077},
  crossref  = {DBLP:conf/kdd/2004},
  bibsource = {DBLP, http://dblp.uni-trier.de}
}

@proceedings{DBLP:conf/kdd/2004,
  editor    = {Won Kim and
               Ron Kohavi and
               Johannes Gehrke and
               William DuMouchel},
  title     = {Proceedings of the Tenth ACM SIGKDD International Conference
               on Knowledge Discovery and Data Mining, Seattle, Washington,
               USA, August 22-25, 2004},
  booktitle = {KDD},
  publisher = {ACM},
  year      = {2004},
  isbn      = {1-58113-888-1},
  bibsource = {DBLP, http://dblp.uni-trier.de}
}


@inproceedings{Krys98,
  author    = {Marzena Kryszkiewicz},
  title     = {Representative Association Rules},
  pages     = {198-209},
  crossref  = {PAKDD:1998},
}

@inproceedings{Krys98a,
  author    = {Marzena Kryszkiewicz},
  title     = {Fast Discovery of Representative Association Rules},
  pages     = {214-221},
  crossref  = {RSCTC:1998},
}

@inproceedings{Krys01,
  author    = {Marzena Kryszkiewicz},
  title     = {Closed Set Based Discovery of Representative Association Rules},
  pages     = {350-359},
  ee        = {http://link.springer.de/link/service/series/0558/bibs/2189/21890350.htm},
  crossref  = {IDA:2001},
}

@inproceedings{Krys02,
  author    = {Marzena Kryszkiewicz},
  title     = {Concise Representations of Association Rules},
  pages     = {92-109},
  ee        = {http://link.springer.de/link/service/series/0558/bibs/2447/24470092.htm},
  crossref  = {ESF:2002},
}



@article{Krys05,
  author    = {Marzena Kryszkiewicz},
  title     = {Generalized disjunction-free representation of frequent patterns with negation},
  journal   = {J. Exp. Theor. Artif. Intell.},
  volume    = {17},
  number    = {1-2},
  year      = {2005},
  pages     = {63-82},
  ee        = {http://dx.doi.org/10.1080/09528130512331315882},
}

@inproceedings{Krys09,
  author    = {Marzena Kryszkiewicz},
  title     = {Non-Derivable Item Set and Non-Derivable Literal Set Representations of Patterns Admitting Negation},
  booktitle = {DaWaK},
  year      = {2009},
  pages     = {138-150},
  ee        = {http://dx.doi.org/10.1007/978-3-642-03730-6_12},
  crossref  = {DAWAK:2009}, 
}

@article{KCTOG01,
  author    = {Lukasz A. Kurgan and Krzysztof J. Cios and Ryszard Tadeusiewicz and Marek R. Ogiela and Lucy S. Goodenday},
  title     = {Knowledge discovery approach to automated cardiac {SPECT} diagnosis},
  journal   = {Artificial Intelligence in Medicine},
  volume    = {23},
  number    = {2},
  year      = {2001},
  pages     = {149-169},
}

@inproceedings{KuzObi01,
  author    = {Sergei O. Kuznetsov and Sergei A. Obiedkov},
  title     = {Algorithms for the Construction of Concept Lattices and Their Diagram Graphs},
  pages     = {289-300},
  ee        = {http://link.springer.de/link/service/series/0558/bibs/2168/21680289.htm},
  crossref  = {PKDD:2001},
}



@article{LMVL08,
  author    = {Philippe Lenca and Patrick Meyer and Beno\^{\i}t Vaillant and St{\'e}phane Lallich},
  title     = {On selecting interestingness measures for association rules: User oriented description and multiple criteria decision aid},
  journal   = {European Journal of Operational Research},
  volume    = {184},
  number    = {2},
  year      = {2008},
  pages     = {610-626},
  ee        = {http://dx.doi.org/10.1016/j.ejor.2006.10.059},
}

@article{Lloy82,
  author  = {Stuart P. Lloyd},
  title   = {Least Squares Quantization in {PCM}},
  journal = {IEEE Transactions on Information Theory},
  volume  = {28},
  number  = {2},
  pages   = {129--137},
  month   = {March},
  year    = {1982}
}

@article{Luxe91,
  author    = {M. Luxenburger},
  title     = {Implications Partielles dans un Contexte},
  journal   = {Math\'{e}matiques et Sciences Humaines},
  volume    = {29},
  year      = {1991},
  pages     = {35-55},
}

@inproceedings{MacQ67,
  author    = {J. B. MacQueen},
  title     = {Some Methods for Classification and Analysis of MultiVariate Observations},
  booktitle = {Proceedings of the 5th Berkeley Symposium on Mathematical Statistics and Probability},
  volume    = {1},
  pages     = {281--297},
  publisher = {University of California Press},
  year      = {1967},
}

@inproceedings{ManToi96,
  author    = {Heikki Mannila and Hannu Toivonen},
  title     = {Multiple Uses of Frequent Sets and Condensed Representations (Extended Abstract)},
  booktitle = {KDD},
  year      = {1996},
  pages     = {189-194},
}

@inproceedings{MarEkl08,
  author    = {Ben Martin and Peter W. Eklund},
  title     = {From Concepts to Concept Lattice: A Border Algorithm for Making Covers Explicit},
  pages     = {78-89},
  ee        = {http://dx.doi.org/10.1007/978-3-540-78137-0_6},
  crossref  = {ICFCA:2008},
}

@article{MerYac04,
 author = {Agathe Merceron and Kalina Yacef},
 title = {Mining Student Data Captured from a Web-Based Tutoring Tool: Initial Exploration and Results},
 journal = {Journal of Interactive Learning Research },
 volume = {15},
 number = {4},
 year = {2004},
 pages = {319--346},
}

@inproceedings{MerYac08,
  author    = {Agathe Merceron and Kalina Yacef},
  title     = {Interestingness Measures for Associations Rules in Educational Data},
  booktitle = {EDM},
  year      = {2008},
  pages     = {57-66},
  ee        = {http://www.educationaldatamining.org/EDM2008/uploads/proc/6_Yacef_18.pdf},
  crossref  = {EDM:2008}, 
}

@article{NouRay99,
  author    = {Lhouari Nourine and Olivier Raynaud},
  title     = {A Fast Algorithm for Building Lattices},
  journal   = IPL,
  volume    = {71},
  number    = {5-6},
  year      = {1999},
  pages     = {199-204},
  ee        = {http://dx.doi.org/10.1016/S0020-0190(99)00108-8},
  bibsource = {DBLP, http://dblp.uni-trier.de}
}

@article{PTBSL05,
  author    = {Nicolas Pasquier and Rafik Taouil and Yves Bastide and Gerd Stumme and Lotfi Lakhal},
  title     = {Generating a Condensed Representation for Association Rules},
  journal   = {J. Intell. Inf. Syst.},
  volume    = {24},
  number    = {1},
  year      = {2005},
  pages     = {29-60},
  ee        = {http://www.springerlink.com/index/10.1007/s10844-005-0266-z},
}


@article{PKKYZ09,
 author = {Dilhan Perera and Judy Kay and Irena Koprinska and Kalina Yacef and Osmar R. Za\"{i}ane},
 title = {Clustering and Sequential Pattern Mining of Online Collaborative Learning Data},
 journal = {IEEE Transactions on Knowledge and Data Engineering},
 volume = {21},
 number = {6},
 year = {2009},
 issn = {1041-4347},
 pages = {759--772},
 doi = {http://dx.doi.org/10.1109/TKDE.2008.138},
 publisher = {IEEE Educational Activities Department},
 address = {Piscataway, NJ, USA},
}

@inproceedings{Phan01,
  author    = {Viet Phan-Luong},
  title     = {The Representative Basis for Association Rules},
  booktitle = {ICDM},
  year      = {2001},
  pages     = {639-640},
  ee        = {http://doi.ieeecomputersociety.org/10.1109/ICDM.2001.989588},
  crossref  = {ICDM:2001},
}

@inproceedings{PZMR02,
  author    = {Bruno P{\^o}ssas and Nivio Ziviani and Wagner Meira Jr. and Berthier A. Ribeiro-Neto},
  title     = {Set-based model: a new approach for information retrieval},
  year      = {2002},
  pages     = {230-237},
  ee        = {http://doi.acm.org/10.1145/564376.564417},
  crossref  = {sigir:2002},
  
}



@article{RomVen07,
 author = {Crist{\'o}bal Romero and Sebasti{\'a}n Ventura},
 title = {Educational data mining: A survey from 1995 to 2005},
 journal = {Expert Syst. Appl.},
 volume = {33},
 number = {1},
 year = {2007},
 issn = {0957-4174},
 pages = {135--146},
 doi = {http://dx.doi.org/10.1016/j.eswa.2006.04.005},
 publisher = {Pergamon Press, Inc.},
 address = {Tarrytown, NY, USA},
}
 
@article{RoVeGa08,
  author    = {Crist{\'o}bal Romero and Sebasti{\'a}n Ventura and Enrique Garc\'{\i}a},
  title     = {Data mining in course management systems: Moodle case study and tutorial},
  journal   = {Computers {\&} Education},
  volume    = {51},
  number    = {1},
  year      = {2008},
  pages     = {368-384},
  ee        = {http://dx.doi.org/10.1016/j.compedu.2007.05.016},
}

@article{SDPF81,
  author    = {Yehoshua Sagiv and Claude Delobel and Douglas Stott {Parker Jr.} and Ronald Fagin},
  title     = {An Equivalence Between Relational Database Dependencies and a Fragment of Propositional Logic},
  journal   = JACM,
  volume    = {28},
  number    = {3},
  year      = {1981},
  pages     = {435-453},
}


@article{SDPF87,
  author    = {Yehoshua Sagiv and Claude Delobel and Douglas Stott {Parker Jr.} and Ronald Fagin},
  title     = {Correction to ``{An} equivalence between relational database dependencies and a fragment of propositional logic''},
  journal   = JACM,
  volume    = {34},
  number    = {4},
  year      = {1987},
  pages     = {1016-1018},
}

@inproceedings{SaOmNa98,
  author    = {Ashok Savasere and Edward Omiecinski and Shamkant B. Navathe},
  title     = {Mining for Strong Negative Associations in a Large Database of Customer Transactions},
  booktitle = {ICDE},
  year      = {1998},
  pages     = {494-502},
  ee        = {db/conf/icde/SavasereON98.html},
  crossref  = {ICDE:1998},
}


@article{SilBriMot98,
  author    = {Craig Silverstein and Sergey Brin and Rajeev Motwani},
  title     = {Beyond Market Baskets: Generalizing Association Rules to Dependence Rules},
  journal   = {Data Min. Knowl. Discov.},
  volume    = {2},
  number    = {1},
  year      = {1998},
  pages     = {39-68},
}

@article{SavFla00,
  author    = {Iztok Savnik and Peter A. Flach},
  title     = {Discovery of multivalued dependencies from relations},
  journal   = {Intelligent Data Analysis},
  volume    = {4},
  number    = {3-4},
  year      = {2000},
  pages     = {195-211},
}


@inproceedings{TalGau04,
  author    = {Luis Talavera and Elena Gaudioso},
  title     = {Mining Student Data to Characterize Similar Behavior Groups in Unstructured Collaboration Spaces},
  booktitle = {Workshop on Artificial Intelligence in CSCL. 16th European Conference on Artificial Intelligence},
  year      = {2004},
  pages     = {17-23},
  crossref  = {ECAI:2004},
}

@MISC{TanKum02,
    author = {Pang-Ning Tan and Vipin Kumar},
    title = {Selecting the Right Interestingness Measure for Association Patterns},
    year = {2002}
}

@article{UenOka07,
	author = {Maomi Ueno and Toshio Okamoto},
	title = {Bayesian Agent in e-Learning},
	journal ={IEEE International Conference on Advanced Learning Technologies},
	isbn = {0-7695-2916-X},
	year = {2007},
	pages = {282-284},
	doi = {http://doi.ieeecomputersociety.org/10.1109/ICALT.2007.82},
	publisher = {IEEE Computer Society},
	address = {Los Alamitos, CA, USA},
}


@inproceedings{UAUA04,
  author    = {Takeaki Uno and
               Tatsuya Asai and
               Yuzo Uchida and
               Hiroki Arimura},
  title     = {An Efficient Algorithm for Enumerating Closed Patterns in
               Transaction Databases},
  booktitle = {Discovery Science},
  year      = {2004},
  pages     = {16-31},
  ee        = {http://dx.doi.org/10.1007/978-3-540-30214-8_2},
  crossref  = {DBLP:conf/dis/2004},
  bibsource = {DBLP, http://dblp.uni-trier.de}
}

@proceedings{DBLP:conf/dis/2004,
  editor    = {Einoshin Suzuki and
               Setsuo Arikawa},
  title     = {Discovery Science, 7th International Conference, DS 2004,
               Padova, Italy, October 2-5, 2004, Proceedings},
  booktitle = {Discovery Science},
  publisher = {Springer},
  series    = {Lecture Notes in Computer Science},
  volume    = {3245},
  year      = {2004},
  isbn      = {3-540-23357-1},
  bibsource = {DBLP, http://dblp.uni-trier.de}
}



@inproceedings{UAUA03,
  author    = {Takeaki Uno and Tatsuya Asai and Yuzo Uchida and Hiroki Arimura},
  title     = {{LCM}: An Efficient Algorithm for Enumerating Frequent Closed Item Sets},
  booktitle = {FIMI},
  year      = {2003},
  ee        = {http://SunSITE.Informatik.RWTH-Aachen.de/Publications/CEUR-WS//Vol-90/uno.pdf},
  crossref  = {FIMI:2003},
}



@inproceedings{YBYZ02,
  author    = {Xiaohui Yuan and Bill P. Buckles and Zhaoshan Yuan and Jian Zhang},
  title     = {Mining negative association rules},
  booktitle = {ISCC},
  year      = {2002},
  pages     = {623-628},
  ee        = {http://csdl.computer.org/comp/proceedings/iscc/2002/1671/00/16710623abs.htm},
  crossref  = {ISCC:2002},
}


@inproceedings{Zaia02,
 author = {Osmar R. Za\"{i}ane},
 title = {Building a Recommender Agent for e-Learning Systems},
 booktitle = {Proc. of the International Conference on Computers in Education (ICCE)},
 year = {2002},
 isbn = {0-7695-1509-6},
 pages = {55},
 publisher = {IEEE Computer Society},
 address = {Washington, DC, USA},
}

@article{Zaki04,
  author    = {Mohammed Javeed Zaki},
  title     = {Mining Non-Redundant Association Rules},
  journal   = {Data Min. Knowl. Discov.},
  volume    = {9},
  number    = {3},
  year      = {2004},
  pages     = {223-248},
  ee        = {http://www.springerlink.com/index/10.1023/B:DAMI.0000040429.96086.c7},
}

@article{ZakHsi05,
  author    = {Mohammed Javeed Zaki and Ching-Jui Hsiao},
  title     = {Efficient Algorithms for Mining Closed Itemsets and Their Lattice Structure},
  journal   = {IEEE Transactions on Knowledge and Data Engineering},
  volume    = {17},
  number    = {4},
  year      = {2005},
  pages     = {462-478},
  ee        = {http://doi.ieeecomputersociety.org/10.1109/TKDE.2005.60},
}

@inproceedings{ZoGaAl10a,
  author    = {Marta E. Zorrilla and Diego Garc\'{\i}a and Elena {\'A}lvarez},
  title     = {An approach to measures student activity in Learning Management Systems},
  booktitle = {Proc. of the International Conference on Computer Supported Education (CSEDU)},
  year      = {2010},
  ee        = {},
  crossref  = {},
}

@inproceedings{ZoGaAl10b,
  author    = {Marta E. Zorrilla and Diego Garc\'{\i}a and Elena {\'A}lvarez},
  title     = {A decision support system to improve e-learning environments},
  booktitle = {EDBT/ICDT Workshops},
  year      = {2010},
  ee        = {http://doi.acm.org/10.1145/1754239.1754252},
  crossref  = {EDBT:2010},
}

@inproceedings{VaMiLe00,
    author = {Petko Valtchev and Rokia Missaoui and Pierre Lebrun},
    title = {A Fast Algorithm for Building the {Hasse} Diagram of a {Galois} Lattice},
    pages = {293--306},
    year  = {2000},
    crossref = {LaCIM:2000},
}

@article{VreekenKrimp,
  author    = {Jilles Vreeken and
               Matthijs van Leeuwen and
               Arno Siebes},
  title     = {Krimp: mining itemsets that compress},
  journal   = {Data Min. Knowl. Discov.},
  volume    = {23},
  number    = {1},
  year      = {2011},
  pages     = {169-214},
  ee        = {http://dx.doi.org/10.1007/s10618-010-0202-x},
  bibsource = {DBLP, http://dblp.uni-trier.de}
}


@article{Weka09,
    author = {Mark Hall and Eibe Frank and Geoffrey Holmes and Bernhard Pfahringer and Peter Reutemann and Ian H. Witten},
    title = {The {WEKA} Data Mining Software: An Update},
    year = {2009},
    journal = {SIGKDD Explorations},
    volume = {11},
    number = {1},
}

@article{WuZhZh04,
  author    = {Xindong Wu and Chengqi Zhang and Shichao Zhang},
  title     = {Efficient mining of both positive and negative association rules},
  journal   = {ACM Trans. Inf. Syst.},
  volume    = {22},
  number    = {3},
  year      = {2004},
  pages     = {381-405},
  ee        = {http://doi.acm.org/10.1145/1010614.1010616},
}


@Misc{slatt023,
	author = {Jos{\'e} L. Balc{\'a}zar},
	title  ={Slatt023},
	year = {2010},
	howpublished = {\url{https://code.google.com/p/slatt/downloads/list}}
}

%%%%%%%%%%%%%%%%%%%%%%%%%%%%%%%% PROCEEDINGS %%%%%%%%%%%%%%%%%%%%%%%%%%%%%%%%%%%%%%

@proceedings{cinq:2004,
  editor    = {Jean-Fran\c{c}ois Boulicaut and Luc De Raedt and Heikki Mannila},
  title     = {Constraint-Based Mining and Inductive Databases, European Workshop on Inductive Databases and Constraint Based Mining},
  booktitle = {Constraint-Based Mining and Inductive Databases},
  location  = {Hinterzarten, Germany, March 11-13},
  publisher = {Springer},
  series    = {Lecture Notes in Computer Science},
  volume    = {3848},
  year      = {2005},
  isbn      = {3-540-31331-1},
}

@proceedings{DAWAK:2009,
  editor    = {Torben Bach Pedersen and Mukesh K. Mohania and A Min Tjoa},
  title     = {Proc. of the 11th International Conference on Data Warehousing and Knowledge Discovery (DaWaK)},
  booktitle = {Proc. of the 11th International Conference on Data Warehousing and Knowledge Discovery (DaWaK)},
  location  = {Linz, Austria, August 31 - September 2},
  publisher = SV,
  series    = LNCS,
  volume    = {5691},
  year      = {2009},
  isbn      = {978-3-642-03729-0},
  ee        = {http://dx.doi.org/10.1007/978-3-642-03730-6},
}


@proceedings{DS:2001,
  editor    = {Klaus P. Jantke and Ayumi Shinohara},
  title     = {Proc. of the 4th International Conference on Discovery Science (DS)},
  booktitle = {Proc. of the 4th International Conference on Discovery Science (DS)},
  location  = {Washington, DC, USA, November 25-28},
  publisher = SV,
  series    = LNCS,
  volume    = {2226},
  year      = {2001},
  isbn      = {3-540-42956-5},
}

@proceedings{EDBT:2010,
  editor    = {Florian Daniel and Lois M. L. Delcambre and Farshad Fotouhi and Irene Garrig{\'o}s and Giovanna Guerrini and Jose-Norberto Maz{\'o}n and Marco Mesiti and Sascha M{\"u}ller-Feuerstein and Juan Trujillo and Traian Marius Truta and Bernhard Volz and Emmanuel Waller and Li Xiong and Esteban Zim{\'a}nyi},
  booktitle = {Proc. of the EDBT/ICDT Workshops},
  title     = {Proc. of the EDBT/ICDT Workshops},
  location  = {Lausanne, Switzerland, March 22-26},
  publisher = {ACM},
  series    = {ACM International Conference Proceeding Series},
  year      = {2010},
  isbn      = {978-1-60558-990-9},
}

@proceedings{EDM:2008,
  editor    = {Ryan Shaun Joazeiro de Baker and Tiffany Barnes and Joseph E. Beck},
  title     = {Proc. of the 1st International Conference on Educational Data Mining (EDM)},
  location  = {Montreal, Qu{\'e}bec, Canada, June 20-21},
  booktitle = {Proc. of the 1st International Conference on Educational Data Mining (EDM)},
  publisher = {www.educationaldatamining.org},
  year      = {2008},
}

@proceedings{EGC:2010,
  editor    = {Sadok Ben Yahia and Jean-Marc Petit},
  title     = {Actes de Extraction et gestion des connaissances (EGC)},
  location  = {Hammamet, Tunisie, 26 au 29 janvier},
  booktitle = {Actes de Extraction et gestion des connaissances (EGC)},
  publisher = {C{\'e}padu{\`e}s-{\'E}ditions},
  series    = {Revue des Nouvelles Technologies de l'Information},
  volume    = {RNTI-E-19},
  year      = {2010},
  isbn      = {978-2-85428-922-0},
}

@proceedings{ESF:2002,
  editor    = {David J. Hand and Niall M. Adams and Richard J. Bolton},
  booktitle = {Proc. of the ESF Exploratory Workshop on Pattern Detection and Discovery},
  title     = {Proc. of the ESF Exploratory Workshop on Pattern Detection and Discovery},
  location  = {London, UK, September 16-19},
  publisher = SV,
  series    = LNCS,
  volume    = {2447},
  year      = {2002},
  isbn      = {3-540-44148-4},
}


@proceedings{ICDM:2001,
  editor    = {Nick Cercone and Tsau Young Lin and Xindong Wu},
  title     = {Proc. of the 2001 IEEE International Conference on Data Mining (ICDM)},
  booktitle = {Proc. of the 2001 IEEE International Conference on Data Mining (ICDM)},
  location  = {San Jose, California, USA, 29 November - 2 December},
  publisher = {IEEE Computer Society},
  year      = {2001},
  isbn      = {0-7695-1119-8},
}

@proceedings{ICDM:2002,
  booktitle = {Proc. of the 2002 IEEE International Conference on Data Mining (ICDM)},
  title     = {Proc. of the 2002 IEEE International Conference on Data Mining (ICDM)},
  location  = {Maebashi City, Japan, 9-12 December},
  publisher = {IEEE Computer Society},
  year      = {2002},
  isbn      = {0-7695-1754-4},
}

@proceedings{ICFCA:2008,
  editor    = {Raoul Medina and Sergei A. Obiedkov},
  title     = {Proc. of the 6th International Conference on Formal Concept Analysis (ICFCA)},
  booktitle = {Proc. of the 6th International Conference on Formal Concept Analysis (ICFCA)},
  location  = {Montreal, Canada, February 25-28},
  publisher = SV,
  series    = LNAI,
  volume    = {4933},
  year      = {2008},
  isbn      = {978-3-540-78136-3},
}

@proceedings{ICFCA:2009,
  editor    = {S{\'e}bastien Ferr{\'e} and Sebastian Rudolph},
  title     = {Proc. of the 7th International Conference on Formal Concept Analysis (ICFCA)},               
  booktitle = {Proc. of the 7th International Conference on Formal Concept Analysis (ICFCA)},               
  location  = {Darmstadt, Germany, May 21-24},
  publisher = SV,
  series    = LNAI,
  volume    = {5548},
  year      = {2009},
  isbn      = {978-3-642-01814-5},
  ee        = {http://dx.doi.org/10.1007/978-3-642-01815-2},
}

@proceedings{ICFCA:2010,
  editor    = {L{\'e}onard Kwuida and Baris Sertkaya},
  title     = {Proc. of the 8th International Conference on Formal Concept Analysis (ICFCA)},
  booktitle = {Proc. of the 8th International Conference on Formal Concept Analysis (ICFCA)},
  location  = {Agadir, Morocco, March 15-18},
  publisher = SV,
  series    = LNAI,
  volume    = {5986},
  year      = {2010},
  isbn      = {978-3-642-11927-9},
  ee        = {http://dx.doi.org/10.1007/978-3-642-11928-6},
}

@proceedings{IDA:2001,
  editor    = {Frank Hoffmann and David J. Hand and Niall M. Adams and Douglas H. Fisher and Gabriela Guimar{\~a}es},
  booktitle = {Proc. of the 4th International Symposium on Intelligent Data Analysis (IDA)},
  title     = {Proc. of the 4th International Symposium on Intelligent Data Analysis (IDA)},
  location  = {Cascais, Portugal, September 13-15},
  publisher = SV,
  series    = LNCS,
  volume    = {2189},
  year      = {2001},
  isbn      = {3-540-42581-0},
}


@proceedings{FIMI:2003,
  editor    = {Bart Goethals and Mohammed Javeed Zaki},
  title     = {Proc. of the ICDM 2003 Workshop on Frequent Itemset Mining Implementations (FIMI)},
  location  = {Melbourne, Florida, USA, 19 December},
  booktitle = {Proc. of the ICDM 2003 Workshop on Frequent Itemset Mining Implementations (FIMI)},
  publisher = {CEUR-WS.org},
  series    = {CEUR Workshop Proceedings},
  volume    = {90},
  year      = {2003},
}

@proceedings{FIMI:2004,
  editor    = {Roberto J. Bayardo Jr. and Bart Goethals and Mohammed Javeed Zaki},
  title     = {Proc. of the IEEE ICDM Workshop on Frequent Itemset Mining Implementations (FIMI)},
  booktitle = {Proc. of the IEEE ICDM Workshop on Frequent Itemset Mining Implementations (FIMI)},
  location  = {Brighton, UK, November 1},
  publisher = {CEUR-WS.org},
  series    = {CEUR Workshop Proceedings},
  volume    = {126},
  year      = {2004},
}

@proceedings{LaCIM:2000,
  editor    = {P. Leroux},
  booktitle = {Publications du LaCIM},
  title     = {Publications du LaCIM},
  location  = {Montréal (CA}},
  volume    = {27},
  year      = {2000},
%Laboratoire de combinatoire et d'informatique mathématique (LaCIM)
}



@proceedings{PAKDD:1998,
  editor    = {Xindong Wu and Kotagiri Ramamohanarao and Kevin B. Korb},
  booktitle = {Proc. of the 2nd Pacific-Asia Conference on Knowledge Discovery and Data Mining (PAKDD)},
  title     = {Proc. of the 2nd Pacific-Asia Conference on Knowledge Discovery and Data Mining (PAKDD)},
  location  = {Melbourne, Australia, April 15-17},
  publisher = SV,
  series    = LNAI,
  volume    = {1394},
  year      = {1998},
  isbn      = {3-540-64383-4},
}

@proceedings{PKDD:2001,
  editor    = {Luc De Raedt and Arno Siebes},
  booktitle = {Proc. of the 5th European Conference on Principles of Data Mining and Knowledge Discovery (PKDD)},
  title     = {Proc. of the 5th European Conference on Principles of Data Mining and Knowledge Discovery (PKDD)},
  location  = {Freiburg, Germany, September 3-5},
  publisher = SV,
  series    = LNAI,
  volume    = {2168},
  year      = {2001},
  isbn      = {3-540-42534-9},
}

@proceedings{PKDD:2004,
  editor    = {Jean-Fran\c{c}ois Boulicaut and Floriana Esposito and Fosca Giannotti and Dino Pedreschi},
  booktitle = {Proc. of the 8th European Conference on Principles and Practice of Knowledge Discovery in Databases (PKDD)}, 
  title     = {Proc. of the 8th European Conference on Principles and Practice of Knowledge Discovery in Databases (PKDD)}, 
  location  = {Pisa, Italy, September 20-24},
  publisher = SV,
  series    = LNCS,
  volume    = {3202},
  year      = {2004},
  isbn      = {3-540-23108-0},
}

@proceedings{RSCTC:1998,
  editor    = {Lech Polkowski and Andrzej Skowron},
  booktitle = {Proc. of the 1st International Conference on Rough Sets and Current Trends in Computing (RSCTC)},
  title     = {Proc. of the 1st International Conference on Rough Sets and Current Trends in Computing (RSCTC)},
  location  = {Warsaw, Poland, June 22-26},
  publisher = SV,
  series    = LNAI,
  volume    = {1424},
  year      = {1998},
}

@proceedings{vldb:1994, 
 editor    = {Jorge B. Bocca and Matthias Jarke and Carlo Zaniolo},
 title     = {Proc. of the 20th International Conference on Very Large Data Bases (VLDB)},
 booktitle = {Proc. of the 20th International Conference on Very Large Data Bases (VLDB)},
 location  = {Santiago de Chile, Chile, September 12-15}, 
 publisher = {Morgan Kaufmann},
 year={1994}, 
 isbn={1-55860-153-8},
}

@proceedings{sigir:2002,
  title     = {Proc. of the 25th Annual International ACM SIGIR Conference on Research and Development in Information Retrieval},
  booktitle = {Proc. of the 25th Annual International ACM SIGIR Conference on Research and Development in Information Retrieval},
  location  = {Tampere, Finland, August 11-15},
  publisher = {ACM},
  year      = {2002},
}

@proceedings{sigmod:1993,
  editor    = {Peter Buneman and Sushil Jajodia},
  title     = {Proc. of the 1993 ACM SIGMOD International Conference on Management of Data},
  booktitle = {Proc. of the 1993 ACM SIGMOD International Conference on Management of Data},
  location  = {Washington, D.C., May 26-28},
  publisher = {ACM Press},
  year      = {1993},
}
@book {Basu03,
    AUTHOR = {Basu, Saugata and Pollack, Richard and Roy,
              Marie-Fran{\c{c}}oise},
     TITLE = {Algorithms in real algebraic geometry},
    SERIES = {Algorithms and Computation in Mathematics},
    VOLUME = {10},
 PUBLISHER = {Springer-Verlag},
   ADDRESS = {Berlin},
      YEAR = {2003},
     PAGES = {viii+602},
      ISBN = {3-540-00973-6},
   MRCLASS = {14P10 (03C10 52C45 68Q25 68W30)},
  MRNUMBER = {1998147 (2004g:14064)},
MRREVIEWER = {Victoria Powers},
}


@incollection {Basu98,
    AUTHOR = {Basu, Saugata and Pollack, Richard and Roy,
              Marie-Fran{\c{c}}oise},
     TITLE = {A new algorithm to find a point in every cell defined by a
              family of polynomials},
 BOOKTITLE = {Quantifier elimination and cylindrical algebraic decomposition
              ({L}inz, 1993)},
    SERIES = {Texts Monogr. Symbol. Comput.},
     PAGES = {341--350},
 PUBLISHER = {Springer},
   ADDRESS = {Vienna},
      YEAR = {1998},
   MRCLASS = {68Q40 (12D15)},
  MRNUMBER = {1634203},
}
@article {Canny93,
    AUTHOR = {Canny, John},
     TITLE = {Improved algorithms for sign determination and existential
              quantifier elimination},
   JOURNAL = {Comput. J.},
  FJOURNAL = {The Computer Journal},
    VOLUME = {36},
      YEAR = {1993},
    NUMBER = {5},
     PAGES = {409--418},
      ISSN = {0010-4620},
   MRCLASS = {03B35 (03B25 03C10 68Q40)},
  MRNUMBER = {1234112 (94h:03021)},
MRREVIEWER = {Thanases Pheidas},
       DOI = {10.1093/comjnl/36.5.409},
       URL = {http://dx.doi.org/10.1093/comjnl/36.5.409},
}