
@book{Edelsbrunner87,
 author = {Edelsbrunner, Herbert},
 title = {Algorithms in combinatorial geometry},
 year = {1987},
 isbn = {0-387-13722-X},
 publisher = {Springer-Verlag New York, Inc.},
 address = {New York, NY, USA},
} 
@MastersThesis{SleumerMsc,
  author = 	 {Nora H. Sleumer},
  title = 	 {Hyperplane Arrangements: Construction, Visualization and Applications},
  school = 	 {Swiss Federal Institute of Technology},
  year = 	 {2000},
}
@article{AvisFukuda,
    author = {David Avis and Komei Fukuda},
    title = {Reverse Search for Enumeration},
    journal = {Discrete Applied Mathematics},
    year = {1993},
    volume = {65},
    pages = {21--46}
}
@inproceedings{InabaKatohImai,
  author    = {Mary Inaba and
               Naoki Katoh and
               Hiroshi Imai},
  title     = {Applications of Weighted Voronoi Diagrams and Randomization
               to Variance-Based {\it k}-Clustering (Extended Abstract)},
  booktitle = {Symposium on Computational Geometry},
  year      = {1994},
  pages     = {332-339},
  ee        = {http://doi.acm.org/10.1145/177424.178042},
  bibsource = {DBLP, http://dblp.uni-trier.de}
}
@inproceedings{MacQueen67,
  author=  {James B. Macqueen},
  title = 	 {Some Methods for classification and Analysis o Multivariate Observations},
  year = 	 {1967},
  booktitle = {Proceedings of 5-th Berkeley Symposium on Mathematical Statistics and Probability},
  volume = 	 {1},
  pages = 	 {281-297},
  organization = {University of California Press},
}


@article{Lloy82,
  author  = {Stuart P. Lloyd},
  title   = {Least Squares Quantization in {PCM}},
  journal = {IEEE Transactions on Information Theory},
  volume  = {28},
  number  = {2},
  pages   = {129--137},
  month   = {March},
  year    = {1982}
}

@inproceedings{arthurVas07,
 author = {Arthur, David and Vassilvitskii, Sergei},
 title = {k-means++: the advantages of careful seeding},
 booktitle = {Proceedings of the eighteenth annual ACM-SIAM symposium on Discrete algorithms},
 series = {SODA '07},
 year = {2007},
 isbn = {978-0-898716-24-5},
 location = {New Orleans, Louisiana},
 pages = {1027--1035},
 numpages = {9},
 url = {http://dl.acm.org/citation.cfm?id=1283383.1283494},
 acmid = {1283494},
 publisher = {Society for Industrial and Applied Mathematics},
 address = {Philadelphia, PA, USA},
} 



@INPROCEEDINGS{ZhangXia09, 
author={Chen Zhang and Shixiong Xia}, 
booktitle={Knowledge Discovery and Data Mining, 2009. WKDD 2009. Second International Workshop on}, 
title={{K}-means Clustering Algorithm with Improved Initial Center}, 
year={2009}, 
month={jan.}, 
volume={}, 
number={}, 
pages={790 -792}, 
keywords={clustering accuracy;initial clustering number;random K-means clustering algorithm;submerger strategy;pattern clustering;random processes;}, 
doi={10.1109/WKDD.2009.210}, 
ISSN={},}
@unpublished{BaGaDe12,
	author = {Jos\'e L. Balc\'azar and Diego Garc\'ia-Saiz and Javier {de la Dehesa}},
	title  = {Iterator-based Algorithms in Self-Tuning Discovery of Partial Implications},
	note = {Accepted for presentation at ICFCA},
	year = {2012},
}



@inproceedings{MacQ67,
  author    = {James B. MacQueen},
  title     = {Some Methods for Classification and Analysis of MultiVariate Observations},
  booktitle = {Proceedings of the 5th Berkeley Symposium on Mathematical Statistics and Probability},
  volume    = {1},
  pages     = {281--297},
  publisher = {University of California Press},
  year      = {1967},
}