@unpublished{TBGG13,
        author = {Cristina T\^{i}rn\u{a}uc\u{a} and Jos\'e L Balc\'azar and Diego Garc\'\i{}a-Saiz and Domingo G\'omez-P\'erez},
        title = {Closed-set-based Discovery of Bases of Association Rules},
        note = {Submitted to IEEE Transactions on Knowledge and Data Engineering, available at \texttt{http://personales.unican.es/tirnaucac/Slides/ReprRules.pdf}},
}


@unpublished{GBMT13,
        author = {Domingo G\'omez-P\'erez and Jos\'e L Balc\'azar and Jos\'e L Monta\~na and Cristina T\^{i}rn\u{a}uc\u{a}},
        title = {Global Optimality in $k$-means Clustering and Discretization},
        note = {In preparation},
}

@unpublished{BT13,
        author = {Jos\'e L Balc\'azar and Cristina T\^{i}rn\u{a}uc\u{a}},
        title = {Mining Closed Sets by Decreasing Support},
        note = {In preparation},
}

@inproceedings{Krys01,
  author    = {Marzena Kryszkiewicz},
  title     = {Closed Set Based Discovery of Representative Association Rules},
  pages     = {350-359},
  ee        = {http://link.springer.de/link/service/series/0558/bibs/2189/21890350.htm},
  crossref  = {IDA:2001},
}

